<record><leader>00000cas a2200000 i 4500</leader><controlfield tag="001">890321662</controlfield><controlfield tag="006">m     o  d        </controlfield><controlfield tag="007">cr |||||||||||</controlfield><controlfield tag="008">140910d18521855ohuwr neo     0   a0eng  </controlfield><datafield ind1=" " ind2=" " tag="010"><subfield code="a">  2014218490</subfield></datafield><datafield ind1=" " ind2=" " tag="040"><subfield code="a">DLC</subfield><subfield code="b">eng</subfield><subfield code="e">rda</subfield><subfield code="c">DLC</subfield><subfield code="d">OCLCF</subfield></datafield><datafield ind1="0" ind2=" " tag="022"><subfield code="a">2374-7242</subfield><subfield code="2">1</subfield></datafield><datafield ind1="1" ind2=" " tag="029"><subfield code="a">NZ1</subfield><subfield code="b">16179621</subfield></datafield><datafield ind1=" " ind2=" " tag="042"><subfield code="a">pcc</subfield><subfield code="a">nsdp</subfield></datafield><datafield ind1=" " ind2=" " tag="043"><subfield code="a">n-us-oh</subfield></datafield><datafield ind1="1" ind2="0" tag="050"><subfield code="a">ISSN RECORD</subfield></datafield><datafield ind1="0" ind2="0" tag="082"><subfield code="a">071</subfield><subfield code="2">23</subfield></datafield><datafield ind1="0" ind2=" " tag="130"><subfield code="a">Weekly Lancaster gazette (Online)</subfield></datafield><datafield ind1=" " ind2="4" tag="222"><subfield code="a">The weekly Lancaster gazette</subfield><subfield code="b">(Online)</subfield></datafield><datafield ind1="1" ind2="4" tag="245"><subfield code="a">The weekly Lancaster gazette.</subfield></datafield><datafield ind1=" " ind2=" " tag="260"><subfield code="a">Lancaster, Ohio :</subfield><subfield code="b">George Weaver,</subfield><subfield code="c">1852-1855.</subfield></datafield><datafield ind1=" " ind2=" " tag="300"><subfield code="a">1 online resource</subfield></datafield><datafield ind1=" " ind2=" " tag="310"><subfield code="a">Weekly</subfield></datafield><datafield ind1=" " ind2=" " tag="336"><subfield code="a">text</subfield><subfield code="b">txt</subfield><subfield code="2">rdacontent</subfield></datafield><datafield ind1=" " ind2=" " tag="337"><subfield code="a">computer</subfield><subfield code="b">c</subfield><subfield code="2">rdamedia</subfield></datafield><datafield ind1=" " ind2=" " tag="338"><subfield code="a">online resource</subfield><subfield code="b">cr</subfield><subfield code="2">rdacarrier</subfield></datafield><datafield ind1="1" ind2=" " tag="362"><subfield code="a">Began with new series, vol. 7, no. 1 (May 6, 1852); ceased with new series, vol. 2, no. 40 (February 8, 1855).</subfield></datafield><datafield ind1=" " ind2=" " tag="500"><subfield code="a">Publisher: T. S. Slaughter, &lt;January 4&gt;-February 8, 1855.</subfield></datafield><datafield ind1=" " ind2=" " tag="588"><subfield code="a">Description based on: New series, vol. 7, no. 1 (May 6, 1852); title from masthead (Chroniclingamerica.loc.gov, viewed September 10, 2014).</subfield></datafield><datafield ind1=" " ind2=" " tag="588"><subfield code="a">Latest issue consulted: Vol. 2, no. 40 (February 8, 1855) (Chroniclingamerica.loc.gov, viewed September 10, 2014).</subfield></datafield><datafield ind1=" " ind2="0" tag="651"><subfield code="a">Lancaster (Ohio)</subfield><subfield code="v">Newspapers.</subfield></datafield><datafield ind1=" " ind2="7" tag="655"><subfield code="a">Newspapers.</subfield><subfield code="2">fast</subfield><subfield code="0">(OCoLC)fst01423814</subfield></datafield><datafield ind1=" " ind2="7" tag="651"><subfield code="a">Ohio</subfield><subfield code="z">Lancaster.</subfield><subfield code="2">fast</subfield><subfield code="0">(OCoLC)fst01231794</subfield></datafield><datafield ind1=" " ind2=" " tag="752"><subfield code="a">United States</subfield><subfield code="b">Ohio</subfield><subfield code="c">Lancaster</subfield><subfield code="d">Fairfield.</subfield></datafield><datafield ind1="0" ind2="8" tag="776"><subfield code="i">Originally issued in print:</subfield><subfield code="t">Weekly Lancaster gazette</subfield><subfield code="x">2374-7234</subfield><subfield code="w">(DLC)sn 88078726</subfield><subfield code="w">(OCoLC)18281262</subfield></datafield><datafield ind1="0" ind2="0" tag="780"><subfield code="t">Lancaster gazette (Lancaster, Ohio : 1846 : Online)</subfield></datafield><datafield ind1="0" ind2="0" tag="785"><subfield code="t">American Lancaster gazette (Online)</subfield></datafield><datafield ind1="4" ind2="0" tag="856"><subfield code="u">http://www.loc.gov/chroniclingamerica/lccn/sn88078726/issues</subfield></datafield></record>